<record><leader>00000cas a2200000 a 4500</leader><controlfield tag="001">13988156</controlfield><controlfield tag="008">860730d1871187utxuir ne      0    0eng c</controlfield><datafield ind1=" " ind2=" " tag="010"><subfield code="a">sn 86088324 </subfield></datafield><datafield ind1=" " ind2=" " tag="040"><subfield code="a">PPM</subfield><subfield code="b">eng</subfield><subfield code="c">PPM</subfield><subfield code="d">DLC</subfield><subfield code="d">CRL</subfield><subfield code="d">OCLCQ</subfield><subfield code="d">OCLCF</subfield><subfield code="d">OCLCO</subfield></datafield><datafield ind1=" " ind2=" " tag="042"><subfield code="a">pcc</subfield></datafield><datafield ind1=" " ind2=" " tag="043"><subfield code="a">n-us-tx</subfield></datafield><datafield ind1="0" ind2=" " tag="130"><subfield code="a">Democratic statesman (Austin, Tex. : 1871)</subfield></datafield><datafield ind1="1" ind2="4" tag="245"><subfield code="a">The democratic statesman.</subfield></datafield><datafield ind1="1" ind2="3" tag="246"><subfield code="a">Tri-weekly statesman</subfield></datafield><datafield ind1=" " ind2=" " tag="260"><subfield code="a">Austin, Tex. :</subfield><subfield code="b">Statesman Pub. Co.,</subfield><subfield code="c">1871-</subfield></datafield><datafield ind1=" " ind2=" " tag="300"><subfield code="a">v. ;</subfield><subfield code="c">50 cm.</subfield></datafield><datafield ind1=" " ind2=" " tag="310"><subfield code="a">Triweekly</subfield></datafield><datafield ind1="0" ind2=" " tag="362"><subfield code="a">Vol. 1, no. 1 (July 26, 1871)-</subfield></datafield><datafield ind1=" " ind2=" " tag="530"><subfield code="a">Also issued on microfilm from UMI.</subfield></datafield><datafield ind1=" " ind2=" " tag="580"><subfield code="a">Also published in a weekly ed.: Weekly democratic statesman (Austin, Tex. : 1871), Aug. 1, 1871-&lt;1872&gt;</subfield></datafield><datafield ind1=" " ind2=" " tag="588"><subfield code="a">Latest issue consulted: Vol. 2, no. 69 (Dec. 31, 1872).</subfield></datafield><datafield ind1=" " ind2="0" tag="651"><subfield code="a">Austin (Tex.)</subfield><subfield code="v">Newspapers.</subfield></datafield><datafield ind1=" " ind2="7" tag="655"><subfield code="a">Newspapers.</subfield><subfield code="2">fast</subfield><subfield code="0">(OCoLC)fst01423814</subfield></datafield><datafield ind1=" " ind2="7" tag="651"><subfield code="a">Texas</subfield><subfield code="z">Austin.</subfield><subfield code="2">fast</subfield><subfield code="0">(OCoLC)fst01204313</subfield></datafield><datafield ind1=" " ind2=" " tag="752"><subfield code="a">United States</subfield><subfield code="b">Texas</subfield><subfield code="c">Travis</subfield><subfield code="d">Austin.</subfield></datafield><datafield ind1="1" ind2=" " tag="775"><subfield code="t">Weekly democratic statesman (Austin, Tex. : 1871)</subfield><subfield code="w">(DLC)sn 83021327</subfield><subfield code="w">(OCoLC)10125278</subfield></datafield><datafield ind1="0" ind2="0" tag="785"><subfield code="t">Daily democratic statesman (Austin, Tex. : 1873)</subfield><subfield code="w">(DLC)sn 83021326</subfield><subfield code="w">(OCoLC)10125231</subfield></datafield></record>